@inproceedings{GLV-lics2011,
   address = {Toronto, Canada}, 
   author = {Goubault{-}Larrecq, Jean and Varacca, Daniele}, 
   booktitle = {{P}roceedings of the 26th {A}nnual {IEEE} {S}ymposium on {L}ogic in {C}omputer {S}cience ({LICS}'11)}, 
   DOI = {10.1109/LICS.2011.23}, 
   month = jun, 
   pages = {97-106}, 
   publisher = {{IEEE} Computer Society Press}, 
   title = {Continuous Random Variables}, 
   url = {http://www.lsv.ens-cachan.fr/Publis/PAPERS/PDF/GLV-lics2011.pdf}, 
   year = {2011}, 
}

@article{mislove1998topology,
  title={Topology, domain theory and theoretical computer science},
  author={Mislove, Michael W},
  journal={Topology and its Applications},
  volume={89},
  number={1},
  pages={3--59},
  year={1998},
  publisher={Elsevier}
}

@article{abramsky2000full,
  title={Full abstraction for {PCF}},
  author={Abramsky, Samson and Jagadeesan, Radha and Malacaria, Pasquale},
  journal={Information and Computation},
  volume={163},
  number={2},
  pages={409--470},
  year={2000},
  publisher={Elsevier}
}

@article{hyland2000full,
  title={On full abstraction for {PCF}: {I}, {II}, and {III}},
  author={Hyland, J Martin E and Ong, C-HL},
  journal={Information and computation},
  volume={163},
  number={2},
  pages={285--408},
  year={2000},
  publisher={Elsevier}
}

@book{gunter1992semantics,
  title={Semantics of programming languages: structures and techniques},
  author={Gunter, Carl A},
  year={1992},
  publisher={MIT press}
}

@article{scott1993type,
  title={A type-theoretical alternative to {ISWIM}, {CUCH}, {OWHY}},
  author={Scott, Dana S},
  journal={Theoretical Computer Science},
  volume={121},
  number={1},
  pages={411--440},
  year={1993},
  publisher={Elsevier}
}

@incollection{mislove2013anatomy,
  title={Anatomy of a domain of continuous random variables {II}},
  author={Mislove, Michael},
  booktitle={Computation, Logic, Games, and Quantum Foundations. The Many Facets of Samson Abramsky},
  pages={225--245},
  year={2013},
  publisher={Springer}
}

@article{mislove2007discrete,
  title={Discrete random variables over domains},
  author={Mislove, Michael},
  journal={Theoretical computer science},
  volume={380},
  number={1},
  pages={181--198},
  year={2007},
  publisher={Elsevier}
}

@article{goubault2013errata,
  title={Errata to ‘Continuous Random Variables’},
  author={Goubault-Larrecq, Jean},
  year={2013}
}

@article{berger2010domain,
  title={Domain representations of spaces of compact subsets},
  author={Berger, Ulrich and Blanck, Jens and K{\o}ber, Petter Kristian},
  journal={Mathematical Structures in Computer Science},
  volume={20},
  number={2},
  pages={107--126},
  year={2010},
  publisher={Cambridge Univ Press}
}

@article{abramsky1994domain,
  title={Domain theory},
  author={Abramsky, Samson and Jung, Achim},
  journal={Handbook of logic in computer science},
  volume={3},
  pages={1--168},
  year={1994},
  publisher={Citeseer}
}

@inproceedings{beck1969distributive,
  title={Distributive laws},
  author={Beck, Jon},
  booktitle={Seminar on triples and categorical homology theory},
  pages={119--140},
  year={1969},
  organization={Springer}
}

@misc{gierz2003continuous,
  title={Continuous Lattices and Domains, volume 93 of Encyclopedia of Mathematics and its Applications},
  author={Gierz, Gerhard and Hofmann, Karl Heinrich and Keimel, Klaus and Lawson, Jimmie D and Mislove, Michael and Scott, Dana S},
  year={2003},
  publisher={Cambridge University Press}
}

@article{jones1990probabilistic,
  title={Probabilistic non-determinism},
  author={Jones, Claire},
  year={1990},
  publisher={University of Edinburgh. College of Science and Engineering. School of Informatics.}
}

@book{jung1989cartesian,
  title={Cartesian closed categories of domains},
  author={Jung, Achim},
  year={1989},
  publisher={Citeseer}
}

@article{jung1998troublesome,
  title={The troublesome probabilistic powerdomain},
  author={Jung, Achim and Tix, Regina},
  journal={Electronic Notes in Theoretical Computer Science},
  volume={13},
  pages={70--91},
  year={1998},
  publisher={Elsevier}
}

@article{moggi1991notions,
  title={Notions of computation and monads},
  author={Moggi, Eugenio},
  journal={Information and computation},
  volume={93},
  number={1},
  pages={55--92},
  year={1991},
  publisher={Elsevier}
}

@book{moggi1988computational,
  title={Computational lambda-calculus and monads},
  author={Moggi, Eugenio},
  year={1988},
  publisher={University of Edinburgh, Department of Computer Science, Laboratory for Foundations of Computer Science}
}

@article{de1956computability,
  title={Computability by probabilistic machines},
  author={De Leeuw, Karel and Moore, Edward F and Shannon, Claude E and Shapiro, Norman},
  journal={Automata studies},
  volume={34},
  pages={183--198},
  year={1956}
}

@article{gill1977computational,
  title={Computational complexity of probabilistic Turing machines},
  author={Gill, John},
  journal={SIAM Journal on Computing},
  volume={6},
  number={4},
  pages={675--695},
  year={1977},
  publisher={SIAM}
}

@article{saheb1980cpo,
  title={CPO's of measures for nondeterminism},
  author={Saheb-Djahromi, Nasser},
  journal={Theoretical Computer Science},
  volume={12},
  number={1},
  pages={19--37},
  year={1980},
  publisher={Elsevier}
}

@book{varacca2003probability,
  title={Probability, nondeterminism and concurrency: two denotational models for probabilistic computation},
  author={Varacca, Daniele},
  year={2003},
  publisher={BRICS}
}

@article{varacca2006distributing,
  title={Distributing probability over non-determinism},
  author={Varacca, Daniele and Winskel, Glynn and others},
  journal={Mathematical Structures in Computer Science},
  volume={16},
  number={1},
  pages={87--113},
  year={2006},
  publisher={Cambridge Univ Press}
}

@incollection{abramsky2011introduction,
  title={Introduction to categories and categorical logic},
  author={Abramsky, Samson and Tzevelekos, Nikos},
  booktitle={New structures for physics},
  pages={3--94},
  year={2011},
  publisher={Springer}
}

@book{mac1998categories,
  title={Categories for the working mathematician},
  author={Mac Lane, Saunders},
  volume={5},
  year={1998},
  publisher={springer}
}

@book{international1976probabilistic,
  title={Probabilistic algorithms},
  author={International Business Machines Corporation. Research Division and Rabin, MO},
  year={1976}
}

@article{rabin1980probabilistic,
  title={Probabilistic algorithm for testing primality},
  author={Rabin, Michael O},
  journal={Journal of number theory},
  volume={12},
  number={1},
  pages={128--138},
  year={1980},
  publisher={Elsevier}
}

@article{solovay1977fast,
  title={A fast Monte-Carlo test for primality},
  author={Solovay, Robert and Strassen, Volker},
  journal={SIAM journal on Computing},
  volume={6},
  number={1},
  pages={84--85},
  year={1977},
  publisher={SIAM}
}

@incollection{mislove2000nondeterminism,
  title={Nondeterminism and probabilistic choice: Obeying the laws},
  author={Mislove, Michael},
  booktitle={CONCUR 2000—Concurrency Theory},
  pages={350--365},
  year={2000},
  publisher={Springer}
}

@book{tix1999continuous,
  title={Continuous D-cones: convexity and powerdomain constructions},
  author={Tix, Regina},
  year={1999},
  publisher={Shaker}
}

@article{tix2009semantic,
  title={Semantic domains for combining probability and non-determinism},
  author={Tix, Regina and Keimel, Klaus and Plotkin, Gordon},
  journal={Electronic Notes in Theoretical Computer Science},
  volume={222},
  pages={3--99},
  year={2009},
  publisher={Elsevier}
}

@article{agrawal2004primes,
  title={{PRIMES} is in {P}},
  author={Agrawal, Manindra and Kayal, Neeraj and Saxena, Nitin},
  journal={Annals of mathematics},
  pages={781--793},
  year={2004},
  publisher={JSTOR}
}

@article{cardone2006history,
  title={History of lambda-calculus and combinatory logic},
  author={Cardone, Felice and Hindley, J Roger},
  journal={Handbook of the History of Logic},
  volume={5},
  pages={723--817},
  year={2006},
  publisher={Elsevier, Amsterdam, to appear}
}

@article{church1932set,
  title={A set of postulates for the foundation of logic},
  author={Church, Alonzo},
  journal={Annals of mathematics},
  pages={346--366},
  year={1932},
  publisher={JSTOR}
}

@book{barendregt1984lambda,
  title={The lambda calculus},
  author={Barendregt, Hendrik Pieter},
  volume={3},
  year={1984},
  publisher={North-Holland Amsterdam}
}

@article{mislove2014anatomy,
  title={Anatomy of a domain of continuous random variables {I}},
  author={Mislove, Michael},
  journal={Theoretical Computer Science},
  volume={546},
  pages={176--187},
  year={2014},
  publisher={Elsevier}
}

@book{nipkow2002isabelle,
  title={Isabelle/{HOL}: a proof assistant for higher-order logic},
  author={Nipkow, Tobias and Paulson, Lawrence C and Wenzel, Markus},
  volume={2283},
  year={2002},
  publisher={Springer Science \& Business Media}
}

@article{scott2014stochastic,
  title={Stochastic $\lambda$-calculi},
  author={Scott, Dana S},
  journal={Journal of Applied Logic},
  volume={12},
  number={3},
  pages={369--376},
  year={2014},
  publisher={Elsevier}
}

@inproceedings{wadler1992essence,
  title={The essence of functional programming},
  author={Wadler, Philip},
  booktitle={Proceedings of the 19th ACM SIGPLAN-SIGACT symposium on Principles of programming languages},
  pages={1--14},
  year={1992},
  organization={ACM}
}

@article{pettie2008randomized,
  title={Randomized minimum spanning tree algorithms using exponentially fewer random bits},
  author={Pettie, Seth and Ramachandran, Vijaya},
  journal={ACM Transactions on Algorithms (TALG)},
  volume={4},
  number={1},
  pages={5},
  year={2008},
  publisher={ACM}
}

@book{scott1972continuous,
  title={Continuous lattices},
  author={Scott, Dana},
  year={1972},
  publisher={Springer}
}

@book{goubault2013non,
  title={Non-Hausdorff Topology and Domain Theory: Selected Topics in Point-Set Topology},
  author={Goubault-Larrecq, Jean},
  volume={22},
  year={2013},
  publisher={Cambridge University Press}
}

@book{awodey2010category,
  title={Category theory},
  author={Awodey, Steve},
  year={2010},
  publisher={OUP Oxford}
}

@article{lambek1980lambda,
  title={From $\lambda$-calculus to cartesian closed categories},
  author={Lambek, Joachim},
  journal={To HB Curry: essays on combinatory logic, lambda calculus and formalism},
  pages={375--402},
  year={1980},
  publisher={Academic Press New York}
}

@article{scott1980relating,
  title={Relating theories of the lambda calculus},
  author={Scott, Dana S},
  journal={To HB Curry: Essays on combinatory logic, lambda calculus and formalism},
  pages={403--450},
  year={1980},
  publisher={Academic Press New York}
}